@inproceedings{li2016spatially,
  title={Spatially regularized streaming sensor selection},
  author={Li, Changsheng and Wei, Fan and Dong, Weishan and Wang, Xiangfeng and Yan, Junchi and Zhu, Xiaobin and Liu, Qingshan and Zhang, Xin},
  booktitle={Thirtieth AAAI Conference on Artificial Intelligence},
  year={2016}
}

@article{gong2015directional,
  title={Directional diagnosis for wireless sensor networks},
  author={Gong, Wei and Liu, Kebin and Liu, Yunhao},
  journal={IEEE Transactions on Parallel and Distributed Systems},
  volume={26},
  number={5},
  pages={1290--1300},
  year={2015},
  publisher={IEEE}
}